<?xml version="1.0" encoding="UTF-8"?><record xmlns="http://www.loc.gov/MARC21/slim" xmlns:cinclude="http://apache.org/cocoon/include/1.0" xmlns:zs="http://www.loc.gov/zing/srw/">
  <leader>00477nz  a2200157n  4500</leader>
  <controlfield tag="001">no2004070655</controlfield>
  <controlfield tag="003">DLC</controlfield>
  <controlfield tag="005">20040724071055.0</controlfield>
  <controlfield tag="008">040723n| acannaab           |a aaa     c</controlfield>
  <datafield tag="010" ind1=" " ind2=" ">
    <subfield code="a">no2004070655</subfield>
  </datafield>
  <datafield tag="035" ind1=" " ind2=" ">
    <subfield code="a">(OCoLC)oca06400742</subfield>
  </datafield>
  <datafield tag="040" ind1=" " ind2=" ">
    <subfield code="a">OU</subfield>
    <subfield code="b">eng</subfield>
    <subfield code="c">OU</subfield>
  </datafield>
  <datafield tag="100" ind1="1" ind2=" ">
    <subfield code="a">Bartlett, Lanier</subfield>
  </datafield>
  <datafield tag="400" ind1="1" ind2=" ">
    <subfield code="a">Bartlett, L.</subfield>
    <subfield code="q">(Lanier)</subfield>
  </datafield>
  <datafield tag="670" ind1=" " ind2=" ">
    <subfield code="a">AdioĚs, 1929:</subfield>
    <subfield code="b">t.p. (Lanier Bartlett)</subfield>
  </datafield>
  <datafield tag="670" ind1=" " ind2=" ">
    <subfield code="a">OCLC database, July 23, 2004</subfield>
    <subfield code="b">(hdg.: Bartlett, Lanier; usages: L. Bartlett; Lanier Bartlett)</subfield>
  </datafield>
</record>